@Article{MPPY2015,
  author   = {Maday, Y. and Patera, A. T. and Penn, J. D. and Yano, M.},
  title    = {A parameterized-background data-weak approach to variational data assimilation: formulation, analysis, and application to acoustics},
  journal  = {International Journal for Numerical Methods in Engineering},
  year     = {2015},
  volume   = {102},
  number   = {5},
  pages    = {933-965},
  doi      = {10.1002/nme.4747},
  eprint   = {https://onlinelibrary.wiley.com/doi/pdf/10.1002/nme.4747},
  file     = {:/home/olga/Documents/research/literature/MPPY2014.pdf:PDF},
  keywords = {variational data assimilation, parameterized partial differential equations, model order reduction, design of experiment, robotic data acquisition, acoustics},
  url      = {https://onlinelibrary.wiley.com/doi/abs/10.1002/nme.4747},
}

@Article{CDMS2023,
  author  = {Cohen, A. and Dolbeault, M. and Mula, O. and Somacal, A.},
  title   = {Nonlinear approximation spaces for inverse problems},
  journal = {Analysis and Applications},
  year    = {2023},
  volume  = {21},
  number  = {1},
  pages   = {217-253},
  doi     = {10.1142/S0219530522400140},
  file    = {CDMS2022.pdf:CDMS2022.pdf:PDF},
}

%
% @Article{CDMS2022,
%  author  = {Cohen, A. and Dolbeault, M. and Mula, O. and Somacal, A.},
  title   = {Nonlinear approximation spaces for inverse problems},
  journal = {Analysis and Applications},
  year    = {2022},
  volume  = {21},
  number  = {1},
  doi     = {10.1142/S0219530522400140},
  file    = {CDMS2022.pdf:CDMS2022.pdf:PDF},
}

@Article{CDMN2022,
  author    = {Cohen, A. and Dahmen, W. and Mula, O. and Nichols, J.},
  title     = {Nonlinear reduced models for state and parameter estimation},
  journal   = {SIAM/ASA Journal on Uncertainty Quantification},
  year      = {2022},
  volume    = {10},
  number    = {1},
  pages     = {227--267},
  doi       = {10.1137/20M1380818},
  file      = {CDMN2022.pdf:CDMN2022.pdf:PDF},
  keywords  = {myarticle},
  publisher = {SIAM},
}

@Article{BCDDPW2017,
  author     = {Binev, P. and Cohen, A. and Dahmen, W. and DeVore, R. and Petrova, G. and Wojtaszczyk, P.},
  title      = {Data assimilation in reduced modeling},
  journal    = {SIAM/ASA Journal on Uncertainty Quantification},
  year       = {2017},
  volume     = {5},
  number     = {1},
  pages      = {1--29},
  bdsk-url-1 = {http://dx.doi.org/10.1137/15M1025384},
  doi        = {10.1137/15M1025384},
  file       = {:/home/olga/Documents/research/literature/BCDDPW2017.pdf:PDF},
  keywords   = {optimal recovery; reduced modmodel; greedy aalgorithm; data assimilation},
  publisher  = {SIAM},
  url        = {http://dx.doi.org/10.1137/15M1025384},
}

@article{LPH2007,
  title={Super learner},
  author={Van der Laan, M. J. and Polley, E. C. and Hubbard, A. E.},
  journal={Statistical applications in genetics and molecular biology},
  volume={6},
  number={1},
  year={2007},
  publisher={De Gruyter}
}

@article{PL2010,
  title={Super learner in prediction},
  author={Polley, E. C. and Van der Laan, M. J.},
  year={2010},
  publisher={bepress}
}


@article{Breiman1996,
  title={Stacked regressions},
  author={Breiman, L.},
  journal={Machine learning},
  volume={24},
  pages={49--64},
  year={1996},
  publisher={Springer}
}


@article{MSM2009,
  title={Ozone ensemble forecast with machine learning algorithms},
  author={Mallet, V. and Stoltz, G. and Mauricette, B.},
  journal={Journal of Geophysical Research: Atmospheres},
  volume={114},
  number={D5},
  year={2009},
  publisher={Wiley Online Library}
}


@Article{TMPPB2013,
  author  = {Tilloy, A. and Mallet, V. and Poulet, D. and Pesin, C. and Brocheton, F.},
  title   = {{BLUE}-based {NO}{${}_2$} data assimilation at urban scale},
  journal = {Journal of Geophysical Research},
  year    = {2013},
  volume  = {118},
  number  = {4},
  pages   = {2,031--2,040},
  doi     = {10.1002/jgrd.50233},
  file    = {:/home/olga/Documents/research/literature/TMPPB2013.pdf:PDF},
}

@InCollection{Mula2023,
  author    = {Mula, O.},
  title     = {Inverse problems: A deterministic approach using physics-based reduced models},
  booktitle = {Model Order Reduction and Applications: Cetraro, Italy 2021},
  publisher = {Springer},
  year      = {2023},
  pages     = {73--124},
}

@Book{BK2013,
  title     = {Introduction to quantum graphs},
  publisher = {American Mathematical Soc.},
  year      = {2013},
  author    = {Berkolaiko, G. and Kuchment, P.},
  number    = {186},
  file      = {:/home/olga/Documents/research/literature/BK2013.pdf:PDF},
}
@article{AB2018,
  title={A finite element method for quantum graphs},
  author={Arioli, M. and Benzi, M.},
  journal={IMA Journal of Numerical Analysis},
  volume={38},
  number={3},
  pages={1119--1163},
  year={2018},
  publisher={Oxford University Press}
}
@Book{Walther2018,
  title     = {Simulation-Based Model Reduction for Partial Differential Equations on Networks},
  publisher = {FAU University Press},
  year      = {2018},
  author    = {Walther, M.},
  file      = {:/home/olga/Documents/research/literature/Walther2018.pdf:PDF},
}
@Article{MSL2021,
  author    = {Mehra, M. and Shukla, A. and Leugering, G.},
  title     = {An adaptive spectral graph wavelet method for PDEs on networks},
  journal   = {Advances in Computational Mathematics},
  year      = {2021},
  volume    = {47},
  number    = {1},
  pages     = {1--29},
  publisher = {Springer},
}